Automatically generated by Mendeley Desktop 1.17.10
Any changes to this file will be lost if it is regenerated by Mendeley.

BibTeX export options can be customized via Options -> BibTeX in Mendeley Desktop

@article{Erents2002,
author = {Erents, S. and Stangeby, P.},
doi = {10.1088/0029-5515/38/11/304},
issn = {0029-5515},
journal = {Nuclear Fusion},
number = {11},
pages = {1637--1650},
title = {{Heat transport in the JET scrape-off layer}},
volume = {38},
year = {2002}
}

@book{Braginskii1965,
abstract = {Not Available},
address = {New York},
author = {Braginskii, S. I.},
booktitle = {Reviews of Plasma Physics},
isbn = {9781424475780},
pages = {205},
publisher = {Consultants Bureau},
title = {{Transport processes in a plasma}},
url = {http://people.hao.ucar.edu/judge/homepage/PHSX515/fall2012/Braginskii1965.pdf},
year = {1965}
}